@misc{uci_dataset,
  author = {Dua, D. and Graff, C.},
  title = {UCI Machine Learning Repository [Dataset for Assessing Mathematics Learning in Higher Education]},
  institution = {University of California, Irvine, School of Information and Computer Sciences},
  year = {2019},
  url = {https://archive.ics.uci.edu/dataset/1031/dataset+for+assessing+mathematics+learning+in+higher+education},
}

@article{random_forest,
  author = {Breiman, Leo},
  title = {Random Forests},
  journal = {Machine Learning},
  volume = {45},
  number = {1},
  pages = {5--32},
  year = {2001},
  doi = {10.1023/A:1010933404324},
}

@inproceedings{xgboost,
  author = {Chen, Tianqi and Guestrin, Carlos},
  title = {XGBoost: A Scalable Tree Boosting System},
  booktitle = {Proceedings of the 22nd ACM SIGKDD International Conference on Knowledge Discovery and Data Mining},
  pages = {785--794},
  year = {2016},
  doi = {10.1145/2939672.2939785},
}

@article{smote,
  author = {Chawla, Nitesh V. and Bowyer, Kevin W. and Hall, Lawrence O. and Kegelmeyer, W. Philip},
  title = {SMOTE: Synthetic Minority Over-sampling Technique},
  journal = {Journal of Artificial Intelligence Research},
  volume = {16},
  pages = {321--357},
  year = {2002},
  doi = {10.1613/jair.953},
}

@inproceedings{lightgbm,
  author = {Ke, Guolin and Meng, Qi and Finley, Thomas and Wang, Taifeng and Chen, Wei and Ma, Weidong and Liu, Tie-Yan},
  title = {LightGBM: A Highly Efficient Gradient Boosting Decision Tree},
  booktitle = {Advances in Neural Information Processing Systems},
  volume = {30},
  pages = {3146--3154},
  year = {2017},
}

@article{gridsearchcv,
  author = {Pedregosa, Fabian and Varoquaux, Gaël and Gramfort, Alexandre and Michel, Vincent and Thirion, Bertrand and Grisel, Olivier and Duchesnay, Édouard},
  title = {Scikit-learn: Machine Learning in Python},
  journal = {Journal of Machine Learning Research},
  volume = {12},
  pages = {2825--2830},
  year = {2011},
  url = {https://scikit-learn.org},
}

@inproceedings{optuna,
  author = {Akiba, Takuya and Sano, Shotaro and Yanase, Toshihiko and Ohta, Takeru and Koyama, Masanori},
  title = {Optuna: A Next-generation Hyperparameter Optimization Framework},
  booktitle = {Proceedings of the 25th ACM SIGKDD International Conference on Knowledge Discovery and Data Mining},
  pages = {2623--2631},
  year = {2019},
  doi = {10.1145/3292500.3330701},
}
